@inproceedings{moniz2017nested,
  title={Nested LSTMs},
  author={Moniz, Joel Ruben Antony and Krueger, David},
  booktitle={Asian Conference on Machine Learning (ACML)},
  pages={530--544},
  year={2017},
  organization={Springer}
}

@article{kopka1995guide,
  title={A Guide to $\{$$\backslash$LaTeX$\}$--Document},
  author={Kopka, H and Daly, PW},
  year={1995},
  publisher={Citeseer}
}